%! Author = johan
%! Date = 2020-03-31

@incollection{Paulraj2016SubspaceMF,
    booktitle={Handbook of Statistic},
    chapter={16},
    pages={693-735},
    title={Subspace Methods for Directions-of-Arrival Estimation},
    author={Arogyaswami Paulraj and Björn E. Ottersten and Renè Roy and A. Swindlehurst and Guanglin Xu and Thomas Kailath},
    volume={10},
    year={2016}
}
@incollection{GonenMendel,
    booktitle={Digital Signal Processing Handbook},
    chapter={62},
    title={Subspace-Based Direction Finding Methods},
    author={E Gonen and J.M. Mendel},
    editor={Ed. Vijay and K. Madisetti and Douglas B. Williams},
    year={1999},
    publisher={CRC Press LLC},
    address={Boca Raton}
}
@inproceedings{ZhouZhao,
    author={ {Lin Zhou} and {Yong-jun Zhao} and {Hao Cui}},
    booktitle={2008 International Conference on Information and Automation},
    title={High resolution wideband DOA estimation based on modified MUSIC algorithm}, year={2008},
    pages={20-22},
}
@article{SandeepSantoshWideband,
    title={Wideband Direction of Arrival (DOA) Estimation: A Comparative Study of Wideband MUSIC Method, Joint Diagonalization Structure (JDS) Method and Beam-Space Genetic Algorithm (BGA)},
    journal={International Journal of Information Technology and Computer Science(IJITCS)},
    author={Sandeep Santosh and O.P. Sahu},
    year={2016},
    doi={10.5815/ijitcs.2016.09.03},
    volume={8},
    number={9},
    pages={17-24},
}


